@article{Bracht16,
    author = {Thilo Bracht and Christian Molleken and Maike Ahrens and Gereon Poschmann and Anders Schlosser and  Martin Eisenacher and Kai Stuhler and Helmut E. Meyer and Wolff H. Schmiegel and Uffe Holmskov and Grith L. Sorensen and Barbara Sitek},
    journal = {Journal of Translational Medicine},
    title = {Evaluation of the biomarker candidate MFAP4 for non-invasive assessment of hepatic fibrosis in hepatitis C patients},
    volume = {14},
    year = {2016}
}

  @Article{lubridate,
    title = {Dates and Times Made Easy with {lubridate}},
    author = {Garrett Grolemund and Hadley Wickham},
    journal = {Journal of Statistical Software},
    year = {2011},
    volume = {40},
    number = {3},
    pages = {1--25},
    url = {http://www.jstatsoft.org/v40/i03/},
  }

  @Manual{pairwiseCI,
    title = {pairwiseCI: Confidence Intervals for Two Sample Comparisons},
    author = {Frank Schaarschmidt and Daniel Gerhard},
    year = {2019},
    note = {R package version 0.1-27},
    url = {https://CRAN.R-project.org/package=pairwiseCI},
  }

  @Manual{rcompanion,
    title = {rcompanion: Functions to Support Extension Education Program Evaluation},
    author = {Salvatore Mangiafico},
    year = {2018},
    note = {R package version 1.13.2},
    url = {https://CRAN.R-project.org/package=rcompanion},
  }
  
    @Book{ggplot2,
    author = {Hadley Wickham},
    title = {ggplot2: Elegant Graphics for Data Analysis},
    publisher = {Springer-Verlag New York},
    year = {2016},
    isbn = {978-3-319-24277-4},
    url = {https://ggplot2.tidyverse.org},
  }
  
    @Manual{gridExtra,
    title = {gridExtra: Miscellaneous Functions for "Grid" Graphics},
    author = {Baptiste Auguie},
    year = {2017},
    note = {R package version 2.3},
    url = {https://CRAN.R-project.org/package=gridExtra},
  }
  
    @Manual{RVAideMemoire,
    title = {RVAideMemoire: Testing and Plotting Procedures for Biostatistics},
    author = {Maxime Hervé},
    year = {2019},
    note = {R package version 0.9-73},
    url = {https://CRAN.R-project.org/package=RVAideMemoire},
  }
  
    @Article{ggeffects,    title = {ggeffects: Tidy Data Frames of Marginal Effects from Regression Models.},    volume = {3},    doi = {10.21105/joss.00772},    number = {26},    journal = {Journal of Open Source Software},    author = {Daniel Lüdecke},    year = {2018},    pages = {772},  }
    
      @Manual{margins,    title = {margins: Marginal Effects for Model Objects},    author = {Thomas J. Leeper},    year = {2018},    note = {R package version 0.3.23},  }
      
        @Manual{emmeans,    title = {emmeans: Estimated Marginal Means, aka Least-Squares Means},    author = {Russell Lenth},    year = {2019},    note = {R package version 1.4.3.01},    url = {https://CRAN.R-project.org/package=emmeans},  }
