
@Manual{R19,
title = {R: A Language and Environment for Statistical Computing},
author = {{R Core Team}},
organization = {R Foundation for Statistical Computing},
address = {Vienna, Austria},
year = {2019},
url = {https://www.R-project.org/},
}

@Book{ggplot,
author = {Hadley Wickham},
title = {ggplot2: Elegant Graphics for Data Analysis},
publisher = {Springer-Verlag New York},
year = {2016},
isbn = {978-3-319-24277-4},
url = {https://ggplot2.tidyverse.org},
}

@Manual{Syuzhet,
title = {Syuzhet: Extract Sentiment and Plot Arcs from Text},
author = {Matthew L. Jockers},
year = {2015},
url = {https://github.com/mjockers/syuzhet},
}

@Manual{Rspotify,
title = {Rspotify: Access to Spotify API via R},
author = {Tiago Dantas},
year = {2019},
note = {R package version 0.1.0},
}

 @Book{ggplot2,    author = {Hadley Wickham},    title = {ggplot2: Elegant Graphics for Data Analysis},    publisher = {Springer-Verlag New York},    year = {2016},    isbn = {978-3-319-24277-4},    url = {https://ggplot2.tidyverse.org},  }
 
 @Manual{gridExtra,    title = {gridExtra: Miscellaneous Functions for "Grid" Graphics},    author = {Baptiste Auguie},    year = {2017},    note = {R package version 2.3},    url = {https://CRAN.R-project.org/package=gridExtra},  }
 
 @Manual{RVAideMemoire,    title = {RVAideMemoire: Testing and Plotting Procedures for Biostatistics},    author = {Maxime Herv√©},    year = {2019},    note = {R package version 0.9-73},    url = {https://CRAN.R-project.org/package=RVAideMemoire},  }
 
 @Manual{rcompanion,    title = {rcompanion: Functions to Support Extension Education Program Evaluation},    author = {Salvatore Mangiafico},    year = {2019},    note = {R package version 2.3.7},    url = {https://CRAN.R-project.org/package=rcompanion},  }
 
 @Manual{httpuv,    title = {httpuv: HTTP and WebSocket Server Library},    author = {Joe Cheng and Hector Corrada Bravo and Jeroen Ooms and Winston Chang},    year = {2019},    note = {R package version 1.5.2},    url = {https://CRAN.R-project.org/package=httpuv},  }
 
 @Manual{tidyverse,    title = {tidyverse: Easily Install and Load the 'Tidyverse'},    author = {Hadley Wickham},    year = {2017},    note = {R package version 1.2.1},    url = {https://CRAN.R-project.org/package=tidyverse},  }
 
   @Manual{scales,    title = {scales: Scale Functions for Visualization},    author = {Hadley Wickham},    year = {2018},    note = {R package version 1.0.0},    url = {https://CRAN.R-project.org/package=scales},  }
