@Article{Bracht16,
    author = {Thilo Bracht and Christian Molleken and Maike Ahrens and Gereon Poschmann and Anders Schlosser and  Martin Eisenacher and Kai Stuhler and Helmut E. Meyer and Wolff H. Schmiegel and Uffe Holmskov and Grith L. Sorensen and Barbara Sitek},
    journal = {Journal of Translational Medicine},
    title = {Evaluation of the biomarker candidate MFAP4 for non-invasive assessment of hepatic fibrosis in hepatitis {C} patients},
    volume = {14},
    year = {2016}
}

  @Book{ggplot2,    author = {Hadley Wickham},    title = {ggplot2: Elegant Graphics for Data Analysis},    publisher = {Springer-Verlag New York},    year = {2016},    isbn = {978-3-319-24277-4},    url = {https://ggplot2.tidyverse.org},  }
  
    @Manual{gridExtra,    title = {gridExtra: Miscellaneous Functions for "Grid" Graphics},    author = {Baptiste Auguie},    year = {2017},    note = {R package version 2.3},    url = {https://CRAN.R-project.org/package=gridExtra},  }

  @Manual{RVAideMemoire,    title = {RVAideMemoire: Testing and Plotting Procedures for Biostatistics},    author = {Maxime Herv√©},    year = {2019},    note = {R package version 0.9-73},    url = {https://CRAN.R-project.org/package=RVAideMemoire},  }
  
    @Manual{qqplotr,    title = {qqplotr: Quantile-Quantile Plot Extensions for 'ggplot2'},    author = {Alexandre Almeida and Adam Loy and Heike Hofmann},    note = {R package version 0.0.3 initially funded by Google Summer of Code 2017},    url = {https://github.com/aloy/qqplotr},    year = {2017},  }
    
      @Manual{rcompanion,    title = {rcompanion: Functions to Support Extension Education Program Evaluation},    author = {Salvatore Mangiafico},    year = {2019},    note = {R package version 2.3.7},    url = {https://CRAN.R-project.org/package=rcompanion},  }
      
  @Manual{nleqslv,    title = {nleqslv: Solve Systems of Nonlinear Equations},    author = {Berend Hasselman},    year = {2018},    note = {R package version 3.3.2},    url = {https://CRAN.R-project.org/package=nleqslv},  }