@Article{Bracht16,
    author = {Thilo Bracht and Christian Molleken and Maike Ahrens and Gereon Poschmann and Anders Schlosser and  Martin Eisenacher and Kai Stuhler and Helmut E. Meyer and Wolff H. Schmiegel and Uffe Holmskov and Grith L. Sorensen and Barbara Sitek},
    journal = {Journal of Translational Medicine},
    title = {Evaluation of the biomarker candidate MFAP4 for non-invasive assessment of hepatic fibrosis in hepatitis {C} patients},
    volume = {14},
    year = {2016}
}
@Book{MASS,
    title = {Modern Applied Statistics with S},
    author = {W. N. Venables and B. D. Ripley},
    publisher = {Springer},
    edition = {Fourth},
    address = {New York},
    year = {2002},
    note = {ISBN 0-387-95457-0},
    url = {http://www.stats.ox.ac.uk/pub/MASS4},
  }