@article{Fisher35,
  title={The design of experiments.},
  author={Fisher, Ronald Aylmer},
  year={1935},
  publisher={Oliver \& Boyd}
}

@misc{Hosmer98,
  title={Applied logistic regression},
  author={Hosmer, David W and Lemeshow, Stanley},
  year={1998}
}

@article{Agresti98,
  title={Approximate is better than exact for interval estimation of binomial proportions},
  author={Alan Agresti and Brent Coull},
  journal={The American Statistician},
  volume={52},
  pages={119--126},
  year={1998}
}

@article{Bracht16,
    author = {Thilo Bracht and Christian Molleken and Maike Ahrens and Gereon Poschmann and Anders Schlosser and  Martin Eisenacher and Kai Stuhler and Helmut E. Meyer and Wolff H. Schmiegel and Uffe Holmskov and Grith L. Sorensen and Barbara Sitek},
    journal = {Journal of Translational Medicine},
    title = {Evaluation of the biomarker candidate MFAP4 for non-invasive assessment of hepatic fibrosis in hepatitis C patients},
    volume = {14},
    year = {2016}
}

@misc{Siena,
  title={Incumbent Tenney \& Challenger Brindisi Locked in a Near Dead Heat},
  author={{Siena College and Spectrum News}}, 
  month={August},
  year={2018},
}

@article{brockmann1996satellite,
  title={Satellite male groups in horseshoe crabs, Limulus polyphemus},
  author={Brockmann, H Jane},
  journal={Ethology},
  volume={102},
  number={1},
  pages={1--21},
  year={1996},
  publisher={Wiley Online Library}
}