@Manual{R19,
title = {R: A Language and Environment for Statistical Computing},
author = {{R Core Team}},
organization = {R Foundation for Statistical Computing},
address = {Vienna, Austria},
year = {2019},
url = {https://www.R-project.org/},
}

@Book{ggplot,
author = {Hadley Wickham},
title = {ggplot2: Elegant Graphics for Data Analysis},
publisher = {Springer-Verlag New York},
year = {2016},
isbn = {978-3-319-24277-4},
url = {https://ggplot2.tidyverse.org},
}

  @Manual{gridExtra,    title = {gridExtra: Miscellaneous Functions for "Grid" Graphics},    author = {Baptiste Auguie},    year = {2017},    note = {R package version 2.3},    url = {https://CRAN.R-project.org/package=gridExtra},  }

@article{brockmann1996satellite,
  title={Satellite male groups in horseshoe crabs, Limulus polyphemus},
  author={Brockmann, H Jane},
  journal={Ethology},
  volume={102},
  number={1},
  pages={1--21},
  year={1996},
  publisher={Wiley Online Library}
}

  @Article{gmm,
    title = {Computing Generalized Method of Moments and Generalized Empirical Likelihood with {R}},
    author = {Pierre Chauss{\'e}},
    journal = {Journal of Statistical Software},
    year = {2010},
    volume = {34},
    number = {11},
    pages = {1--35},
    url = {http://www.jstatsoft.org/v34/i11/},
  }
  
    @Manual{nleqslv,    title = {nleqslv: Solve Systems of Nonlinear Equations},    author = {Berend Hasselman},    year = {2018},    note = {R package version 3.3.2},    url = {https://CRAN.R-project.org/package=nleqslv},  }
  
  @Article{fitdistrplus,    title = {{fitdistrplus}: An {R} Package for Fitting Distributions},    author = {Marie Laure Delignette-Muller and Christophe Dutang},    journal = {Journal of Statistical Software},    year = {2015},    volume = {64},    number = {4},    pages = {1--34},    url = {http://www.jstatsoft.org/v64/i04/},  }
  
  @online{fitdistrplus1,
  author={},
  title={Fitting Weibull distribution in R},
  year={2018},
  url={https://stats.stackexchange.com/questions/346249/fitting-weibull-distribution-in-r},
  urldate={2018-05-24}
  }
  
    @Manual{binom,    title = {binom: Binomial Confidence Intervals For Several Parameterizations},    author = {Sundar Dorai-Raj},    year = {2014},    note = {R package version 1.1-1},    url = {https://CRAN.R-project.org/package=binom},  }